@book{MonographMitchellOlsthoorn2022,
    title = {More Effective Test Case Generation with Multiple Tribes of AI},
    author = {Mitchell Olsthoorn},
    publisher = {TU Delft Research Portal},
    pages =  {286--290},
    year = {2022},
    ISBN = {9781665495981}
}

@book{SerialPublicationAnjanaPerera2020,
    title = {Defect Prediction Guided Search-Based Software Testing},
    authors = {Anjana Perera, Marcel Böhme},
    publisher = {arXiv.org},
    year = {Sep 21–25, 2020},
    url = {https://arxiv.org/pdf/2109.12645.pdf}
}

@online{ElectronicDocumentJacinthPaul2023,
	title = {Natural Language Processing (NLP) in Software Testing: Automating Test Case Creation and Documentation},
	author = {Jacinth Paul},
    year = {Mar 30, 2023},
	url = {https://dzone.com/articles/natural-language-processing-nlp-in-software-testin}
}

@article{ArticleKhloudAlJallad2020,
    title = {Anomaly detection optimization using big data and deep learning to reduce false-positive1},
    authors = {Khloud Al Jallad, Mohamad Aljnidi, Mohammad Said Desouki},
	journal = {Journal of Big Data},
	volume = {7},
	number = {68},
	year = {Aug 31, 2020},
	DOI = {10.1186/s40537-020-00346-1}
}

@online{ElectronicDocumentMarwanHaddad2023,
	title = {How AI Can Detect Software Bugs and Root Cause Analysis},
	author = {Marwan Haddad},
    year = {March 29, 2023},
	url = {https://blog.railtown.ai/blog-posts/how-ai-can-detect-software-bugs-and-root-cause-analysis}
}

@book{MonographNikolayMorozov2024,
    title = {Testing and Artificial Intelligence},
    author = {Nikolay Morozov},
    publisher = {Litres},
    pages =  {22--24},
    year = {2024},
    ISBN = {5046162199}
}

@article{ArticleVikasHassija2023,
    title = {Interpreting Black-Box Models: A Review on Explainable Artificial Intelligence},
    authors = {Vikas Hassija, Vinay Chamola},
	publisher = {Cognitive Computation},
	volume = {16},
	pages = {45-74},
	year = {Aug 24, 2023},
	DOI = {10.1007/s12559-023-10179-81}
}

@phdthesis{ThesesMikaelMäkelä2019,
    title={Utilizing Artificial Intelligence in Software Testing},
    author={Mikael Mäkelä},
    year={2019},
    school={Metropolia University of Applied Sciences },
    type = {Qualitative Study}
}

@online{ElectronicDocumentKathyAlfadel,
	title = {How AI Is Changing Software Testing Forever?},
	author = {Kathy Alfadel},
	url = {https://www.valuecoders.com/blog/qa-testing/how-ai-is-changing-software-testing-forever/}
}

@phdthesis{ThesesCharlesCollins2023,
    title = {Artificial Intelligence Adoption in Software Development},
    authors = {Charles Collins, Kémaël Josua Kauppaymuthoo},
    year = {2023},
    school = {Lund University},
    type = {Qualitative Study}
}
